<marc:record xmlns:marc="http://www.loc.gov/MARC21/slim" xmlns:xsi="http://www.w3.org/2001/XMLSchema-instance" xsi:schemaLocation="http://www.loc.gov/MARC21/slim http://www.loc.gov/standards/marcxml/schema/MARC21slim.xsd">
  <marc:leader>     cam a2200349 a 45M</marc:leader>
  <marc:controlfield tag="001">001685333</marc:controlfield>
  <marc:controlfield tag="003">NNU</marc:controlfield>
  <marc:controlfield tag="005">20061010173257.0</marc:controlfield>
  <marc:controlfield tag="008">990616s1960    sy h     b    001 0 ara d</marc:controlfield>
  <marc:datafield tag="010" ind1=" " ind2=" ">
    <marc:subfield code="a">ne 64000257</marc:subfield>
  </marc:datafield>
  <marc:datafield tag="035" ind1="9" ind2=" ">
    <marc:subfield code="a">NYUb12228771</marc:subfield>
  </marc:datafield>
  <marc:datafield tag="035" ind1=" " ind2=" ">
    <marc:subfield code="a">(NNU)NYUb12228771</marc:subfield>
  </marc:datafield>
  <marc:datafield tag="040" ind1=" " ind2=" ">
    <marc:subfield code="d">UaCaAUL</marc:subfield>
  </marc:datafield>
  <marc:datafield tag="066" ind1=" " ind2=" ">
    <marc:subfield code="c">(3</marc:subfield>
  </marc:datafield>
  <marc:datafield tag="090" ind1=" " ind2=" ">
    <marc:subfield code="a">PJ6696</marc:subfield>
    <marc:subfield code="b">.D3 1960</marc:subfield>
  </marc:datafield>
  <marc:datafield tag="100" ind1="1" ind2=" ">
    <marc:subfield code="a">Dānī, ʻUthmān ibn Saʻīd,</marc:subfield>
    <marc:subfield code="d">981 or 2-1053</marc:subfield>
    <marc:subfield code="6">01</marc:subfield>
  </marc:datafield>
  <marc:datafield tag="100" ind1="1" ind2=" ">
    <marc:subfield code="6">01</marc:subfield>
    <marc:subfield code="a">دانى، عثمان بن سعيد،</marc:subfield>
    <marc:subfield code="d">1053-2 or 981.</marc:subfield>
  </marc:datafield>
  <marc:datafield tag="245" ind1="1" ind2="3">
    <marc:subfield code="6">02</marc:subfield>
    <marc:subfield code="a">al-Muḥkam fī naqṭ al-maṣāḥif /</marc:subfield>
    <marc:subfield code="c">allafahu Abū ʻAmr ʻUthmān ibn Saʻīd al-Dānī ; ʻuniya bi-taḥqīqihi ʻIzzat Ḥasan.</marc:subfield>
  </marc:datafield>
  <marc:datafield tag="245" ind1="1" ind2="2">
    <marc:subfield code="6">02</marc:subfield>
    <marc:subfield code="a">المحكم فى نقط المصاحف /</marc:subfield>
    <marc:subfield code="c">ألفه أبو عمرو عثمان بن سعيد الدانى ؛ عنى بتحقيقه عزة حسن.</marc:subfield>
  </marc:datafield>
  <marc:datafield tag="260" ind1=" " ind2=" ">
    <marc:subfield code="6">03</marc:subfield>
    <marc:subfield code="a">Dimashq :</marc:subfield>
    <marc:subfield code="b">Wizārat al-Thaqāfah wa-al-Irshād al-Qawmī fī al-Iqlīm al-Sūrī,</marc:subfield>
    <marc:subfield code="c">1960.</marc:subfield>
  </marc:datafield>
  <marc:datafield tag="260" ind1=" " ind2=" ">
    <marc:subfield code="6">03</marc:subfield>
    <marc:subfield code="a">دمشق :</marc:subfield>
    <marc:subfield code="b">وزارة الثقافة والارشاد القومى فى الإقليم السورى،</marc:subfield>
    <marc:subfield code="c">1960.</marc:subfield>
  </marc:datafield>
  <marc:datafield tag="300" ind1=" " ind2=" ">
    <marc:subfield code="a">304 p. :</marc:subfield>
    <marc:subfield code="b">facsims. ;</marc:subfield>
    <marc:subfield code="c">24 cm.</marc:subfield>
  </marc:datafield>
  <marc:datafield tag="490" ind1="1" ind2=" ">
    <marc:subfield code="6">04</marc:subfield>
    <marc:subfield code="a">Maṭbūʻāt Mudīrīyat Iḥyāʼ al-Turāth al-Qadīm ;</marc:subfield>
    <marc:subfield code="v">2</marc:subfield>
  </marc:datafield>
  <marc:datafield tag="490" ind1="1" ind2=" ">
    <marc:subfield code="6">04</marc:subfield>
    <marc:subfield code="a">مطبوعات مديرية إحياء التراث القديم ؛</marc:subfield>
    <marc:subfield code="v">2</marc:subfield>
  </marc:datafield>
  <marc:datafield tag="500" ind1=" " ind2=" ">
    <marc:subfield code="a">Includes errata pages.</marc:subfield>
  </marc:datafield>
  <marc:datafield tag="504" ind1=" " ind2=" ">
    <marc:subfield code="a">Includes bibliographical references (p. [293]-304) and indexes.</marc:subfield>
  </marc:datafield>
  <marc:datafield tag="630" ind1="0" ind2="0">
    <marc:subfield code="a">Koran</marc:subfield>
    <marc:subfield code="x">Language, style.</marc:subfield>
  </marc:datafield>
  <marc:datafield tag="650" ind1=" " ind2="0">
    <marc:subfield code="a">Arabic language</marc:subfield>
    <marc:subfield code="x">Vocalization.</marc:subfield>
  </marc:datafield>
  <marc:datafield tag="700" ind1="1" ind2=" ">
    <marc:subfield code="a">Ḥasan, ʻIzzat</marc:subfield>
    <marc:subfield code="6">05</marc:subfield>
  </marc:datafield>
  <marc:datafield tag="700" ind1="1" ind2=" ">
    <marc:subfield code="6">05</marc:subfield>
    <marc:subfield code="a">حسن، عزة.</marc:subfield>
  </marc:datafield>
  <marc:datafield tag="830" ind1=" " ind2="0">
    <marc:subfield code="6">06</marc:subfield>
    <marc:subfield code="a">Syria.</marc:subfield>
    <marc:subfield code="p">Mudīrīyat Iḥyāʼ al-Turāth al-Qadīm, Maṭbūʻāt ;</marc:subfield>
    <marc:subfield code="v">2.</marc:subfield>
  </marc:datafield>
  <marc:datafield tag="830" ind1=" " ind2="0">
    <marc:subfield code="6">06</marc:subfield>
    <marc:subfield code="a">سوريا.</marc:subfield>
    <marc:subfield code="p">مديرية احياء التراث القديم، مطبوعات ؛</marc:subfield>
    <marc:subfield code="v">2.</marc:subfield>
  </marc:datafield>
  <marc:datafield tag="998" ind1=" " ind2=" ">
    <marc:subfield code="a">20010429</marc:subfield>
    <marc:subfield code="d">20010429</marc:subfield>
    <marc:subfield code="d">20021006</marc:subfield>
    <marc:subfield code="n">NNU</marc:subfield>
    <marc:subfield code="s">6</marc:subfield>
    <marc:subfield code="t">c</marc:subfield>
    <marc:subfield code="z">p</marc:subfield>
  </marc:datafield>
</marc:record>
